4425 5625
816 746 823 752 .
892 660 957 762 25

194 879 586 974 breona-haitans,
608 875 770 986 numm,
807 888 1059 976 instarffliae
1085 888 1288 987 dilectam,
1328 918 1351 967 a
1377 900 1596 997 quapatria
1613 901 1655 973 itt

192 1041 288 1122 loco
308 1037 511 1118 colebatur
530 1003 709 1114 vicissim.
769 1041 900 1132 Hanc,
932 1036 1027 1114 dum
1047 1036 1163 1114 vidua
1186 1058 1304 1129 esset,
1337 1041 1477 1118 amisso
1501 1046 1654 1130 manto.
1721 1096 1728 1122 f

178 1183 312 1288 'quem
326 1151 872 1288 supra'comme'morarimus,
902 1183 1080 1261 Hensleri
1099 1180 1183 1261 filio
1201 1181 1359 1276 altero,.
1375 1184 1656 1264 seeumhabmt
1698 1219 1702 1224 ·
1815 1250 1818 1268 ,

194 1326 594 1436 domiperttedecim
615 1353 758 1425 aanor,
793 1299 978 1406 feminam
999 1324 1188 1431 probam
1218 1326 1473 1440 prudentem,
1505 1356 1691 1426 summa*

114 1475 132 1505 ¹
196 1481 428 1553 consuetis.
487 1451 644 1553 interim
659 1498 748 1577 spes
771 1472 985 1551 renovandi
1003 1478 1148 1551 itineris
1166 1453 1336 1550 necdum
1352 1473 1526 1551 abiecta:
1559 1481 1656 1578 quin

192 1595 234 1698 id
246 1643 375 1696 rursus
393 1622 528 1723 coepit
540 1618 686 1713 moliri,
703 1619 774 1695 sed
787 1617 948 1694 dilatum
959 1622 1005 1693 in'
1016 1601 1235 1721 proximum
1248 1634 1489 1696 autumnum.
1541 1620 1655 1714 Quae
1710 1591 1729 1686 ‘a

193 1761 288 1840 dum
301 1747 528 1867 agebantur,
561 1761 631 1840 ubi
642 1790 714 1866 per
726 1763 927 1840 intervalla
945 1768 1141 1841 remittere
1156 1768 1234 1839 rim
1252 1762 1434 1842 dolorum
1447 1762 1651 1858 sentiebat,
1683 1766 1687 1774 ’
1758 1795 1762 1802 ·

92 1933 95 1942 ‘
166 1933 171 1940 ·
192 1932 310 2013 saepe
335 1911 510 1985 arcessiri
528 1906 579 1984 ad
600 1933 644 1987 se
662 1913 773 1984 iussit
793 1914 968 1984 omnium
991 1909 1173 1983 ordinum
1197 1908 1384 2012 collegas,
1420 1929 1459 1985 et
1480 1932 1551 1988 eoa
1571 1914 1654 2012 qui·

194 2051 303 2146 dem,
349 2051 582 2155 quibuscum
607 2078 730 2156 ,agere
754 2053 976 2164 familiarius
1003 2053 1167 2140 solebat.
1237 2031 1314 2131 Hic'
1338 2053 1504 2130 multum
1527 2056 1655 2128 mirati
1704 2058 1707 2066 ’

191 2221 323 2273 sumus
344 2194 577 2294 singularem
596 2187 675 2266 rim
694 2213 735 2267 et
755 2193 1062 2293 magnitudinem
1082 2198 1215 2287 animi,
1246 2199 1289 2268 in
1305 2220 1454 2269 summa
1477 2198 1654 2297 corporis

189 2331 412 2434 infirmitate
442 2325 732 2441 gravissimique
766 2336 856 2410 mali
888 2341 1102 2441 pertinacia
1129 2339 1246 2440 plane
1279 2341 1483 2414 invictam:
1532 2363 1655 2445 quum

190 2479 315 2557 lromo
333 2484 444 2558 senio
464 2508 511 2558 ac
531 2479 671 2556 morbo
690 2473 928 2576 confectus(
945 2502 984 2558 et
999 2508 1070 2586 per
1088 2482 1221 2585 plures
1240 2508 1392 2560 menses
1410 2453 1528 2559 sellae
1546 2482 1673 2572 velut*
1723 2508 1726 2512 ·

189 2603 343 2722 affixus,
363 2631 556 2703 intentum
569 2619 620 2701 ad
638 2623 849 2729 quemlibet
864 2593 1086 2707 sermonem
1099 2601 1450 2721 teneretanimum‚
1472 2651 1520 2704 ac
1532 2651 1654 2730 saepe

191 2773 278 2879 ipse
296 2745 492 2875 excipiens
509 2775 648 2847 ¹vetera
673 2786 714 2845 et
730 2771 835 2845 nova
851 2777 936 2873 pari
953 2769 1149 2845 alacritate
1166 2768 1391 2871 disputaret.
1449 2763 1653 2849 mordebat

192 2888 340 3016 nupera
368 2933 488 3017 atque
517 2932 573 2991 ea·
592 2911 767 2989 inaudita
801 2894 1014 2989 calamitas*
1033 2914 1265 2990 Germaniae
1300 2939 1347 2992 ex
1383 2915 1650 2991 recentissimo

190 3054 316 3150 bello;
348 3050 561 3169 minantes,
590 3057 661 3135 sed
681 3056 837 3152 husus,
871 3058 992 3134 Gallis
1012 3060 1142 3160 magni
1159 3063 1348 3135 exercitus
1366 3065 1466 3135 intra
1487 3085 1650 3161 paucos,
1744 3158 1747 3166 β
1823 3162 1826 3169 s
1914 3067 1921 3077 '

147 3211 151 3223 '
190 3226 276 3278 non
298 3198 470 3296 menses,
502 3198 572 3276 sed
598 3200 680 3275 dies
707 3202 979 3303 circumventi,
1010 3201 1086 3275 fusi
1113 3228 1159 3277 ac
1187 3201 1326 3295 deleti3
1369 3230 1436 3276 arx
1458 3204 1651 3278 Austriaci

142 3376 161 3461 ’Ν
189 3344 345 3445 imperii
361 3361 492 3444 capta:
523 3341 775 3445 reliquaquis
792 3329 944 3417 nescit?
973 3348 1076 3419 Inter
1090 3344 1189 3419 haec
1203 3349 1365 3435 Noster,
1395 3343 1509 3418 rebus
1530 3348 1652 3419 omni·

174 3486 264 3573 ,bris
293 3491 446 3563 curiose
472 3487 664 3577 intentus,
700 3483 750 3560 de
770 3488 836 3576 iis,
869 3502 909 3559 et
934 3494 1035 3587 quae
1059 3462 1290 3588 gerebantur
1317 3506 1482 3589 atquae
1511 3487 1649 3587 melius

192 3628 363 3737 gerenda
383 3647 531 3722 essent,
564 3612 702 3705 crebro
721 3649 839 3732 atque
861 3633 1051 3732 sagaciter
1071 3629 1299 3707 disserebat:
1335 3635 1392 3707 sic
1411 3649 1454 3704 ut
1472 3606 1660 3710 conditio

135 3862 148 3891 x
191 3801 320 3854 rerum
338 3774 511 3880 publica,
547 3773 596 3848 ad
614 3773 927 3878 desperationem
945 3774 1131 3869 adducta,
1163 3794 1347 3877 tanquam
1368 3775 1530 3850 latentes
1547 3779 1649 3852 vitae

191 3921 383 4024 igniculos
404 3945 453 3997 ex
471 3925 600 3995 anima
617 3917 839 3994 moribundi
860 3918 1039 3997 elicuisse
1055 3920 1262 3999 videretur.
1321 3922 1489 3997 Venerat
1506 3919 1648 3995 Kiliam
1767 3957 1773 3960 >

167 4104 172 4121 ·
191 4089 319 4141 novus
333 4064 399 4142 ille
414 4067 689 4167 cranioscopus
709 4060 1039 4158 vindobonensis3
1061 4064 1235 4167 publicai
1250 4088 1427 4171 acroases
1440 4042 1514 4164 pro
1536 4090 1648 4139 more

139 4206 144 4213 ’
189 4210 369 4303 indixit,·
400 4200 545 4310 easque
571 4206 714 4287 deinde
738 4206 877 4289 babuit
899 4213 990 4286 satis
1016 4234 1155 4312 magna
1179 4204 1396 4286 auditorum
1417 4206 1645 4310 frequentia,
1692 4242 1701 4248 ·

193 4356 436 4455 opinionum
459 4353 752 4431 solertissimum
773 4353 1064 4457 exploratorem
1087 4352 1284 4431 habuisset
1302 4336 1551 4448 Henslerunr,
1582 4353 1648 4431 hic
1698 4360 1701 4365 '
1734 4334 1742 4341 .

1261 4495 1264 4509 ,
1371 4506 1374 4509 ,
1424 4550 1427 4553 X
1503 4505 1523 4568 4
