4425 5625
1282 615 1344 720 ta

580 903 699 981 quam
717 878 954 972 instituerat,
981 849 1147 948 utilitate
1169 849 1351 976 variaque
1378 845 1631 950 iucunditate
1646 855 1937 955 consuetudinis
1956 909 2033 959 nort
2067 909 2069 914 ’

580 1042 639 1099 ett
655 1047 791 1125 passus
809 1047 853 1097 ee
872 1017 1013 1095 divelli.
1072 1017 1231 1094 Interim
1257 1039 1386 1095 autern
1409 1024 1522 1095 annia
1544 1005 1787 1126 tergentibus
1804 1030 1843 1097 iu
1862 1047 2037 1103 senectu-

579 1189 675 1264 tem,
709 1191 830 1273 quum
853 1164 982 1243 bonae
997 1163 1226 1243 valetudinis
1246 1165 1393 1243 fructus
1409 1171 1531 1244 varias
1554 1167 1605 1244 ob
1629 1169 1787 1262 causae,
1814 1178 2035 1272 praesertim

576 1317 839 1420 perpetuitate
860 1309 1020 1406 laboris,
1053 1287 1311 1415 crebraeque,
1331 1312 1559 1390 'nocturnae
1583 1291 1797 1409 interdum,
1829 1298 2034 1419 proiectio-

466 1489 475 1498 ·
575 1462 634 1536 nia
673 1457 873 1536 molestiit‘
897 1459 1076 1559 accipere
1110 1449 1390 1534 detrimentum
1420 1457 1637 1564 coepisset:
1688 1482 1773 1537 orta
1808 1460 1903 1536 inde
1935 1439 2036 1534 infir·

576 1606 688 1680 mitat
712 1603 887 1706 eorporis
911 1599 1076 1718 diuersae
1100 1581 1285 1705 punierim
1310 1605 1478 1680 rationes
1504 1602 1701 1680 afferebat.
1766 1599 2034 1699 Quamobrem

576 1748 706 1825 multia
727 1764 819 1852 poet
836 1747 951 1830 ,annia
979 1748 1129 1838 evenit,
1161 1764 1204 1819 ut
1229 1745 1408 1834 oblatum
1436 1746 1508 1823 sibi
1532 1746 1810 1851 professorium
1833 1755 1972 1823 munus
1994 1749 2035 1822 iri

575 1887 711 1971 nostra
727 1890 801 1979 hac
818 1887 1026 1966 Academia
1039 1889 1210 1967 noluerit
1226 1917 1417 1968 recusare.
1477 1895 1681 1984 Nimirum,
1715 1896 1921 1984 maximus,
1955 1917 2033 1994 quo

580 2063 734 2137 semper
752 2055 790 2106 et
806 2019 969 2137 patriam
989 2051 1029 2104 et
1043 2053 1139 2108 snos
1153 2035 1503 2140 ¹complectebatur,
1535 2063 1643 2114 amor
1661 2062 1751 2112 eum
1765 2019 1908 2110 Kiliam
1922 2041 2036 2110 traxit
2078 2105 2089 2118 ,

578 2183 802 2292 potissima..
851 2175 928 2250 Hie
944 2171 1038 2248 inde
1056 2171 1103 2247 ab
1124 2201 1161 2250 a.
1187 2192 1309 2270 1784.
1331 2161 1503 2280 optimus
1524 2176 1640 2269 fitius,
1664 2177 1905 2253 chrismam
1924 2181 2036 2255 Gott-

553 2324 666 2420 hilf,
711 2345 837 2401 sacras
864 2318 994 2396 literas
1017 2325 1187 2425 privatur
1213 2317 1404 2414 docebat,
1442 2346 1535 2397 mox
1562 2301 1808 2424 Theologiae
1834 2322 2037 2403 Professor

576 2491 730 2581 praeter
747 2464 925 2544 ordinem
943 2481 1107 2544 creatus.
1165 2468 1282 2543 Nunc
1299 2464 1508 2541 Henslerua
1526 2485 1706 2568 uterque,
1736 2449 1909 2569 pater-et
1925 2481 2038 2571 patre

579 2615 820 2721 dignissimus
844 2607 966 2703 filius,
1004 2610 1121 2683 simul
1145 2637 1225 2708 uno
1251 2610 1476 2713 eodemque
1505 2615 1672 2685 et'anno
1699 2630 1739 2685 et
1765 2610 1852 2704 die,
1892 2597 2035 2708 ordini,

575 2760 823 2843 Medicorum
839 2729 922 2849 ille,
951 2739 1345 2852 hicTheologomm,
1372 2773 1466 2830 sunt
1482 2752 1667 2857 adscripti
1686 2756 1849 2852 (1789).
1915 2743 2038 2854 Quod

577 2909 693 2987 facile
712 2886 874 3001 intelligi
896 2914 1042 2999 potest,
1074 2870 1159 2971 nou
1177 2892 1338 2971 fortuito
1360 2893 1573 2989 accidisse,
1598 2895 1670 2972 aad
1692 2900 1881 2993 virorum,
1907 2886 2036 3005 'penei

580 3076 681 3158 quoa
700 3066 781 3124 erat
795 3064 877 3121 tum
893 3064 986 3119 'cura
1002 3038 1255 3132 Academiae,
1287 3044 1562 3142 prospicientia
1585 3061 1625 3116 et
1642 3041 1909 3136 humanitate3’
1933 3073 2037 3150 quae

580 3216 697 3305 quam
718 3189 854 3297 pulcra
881 3184 947 3309 hic
974 3186 1217 3289 apparuerit,
1257 3202 1459 3288 paternam
1486 3182 1647 3284 gloriam
1676 3211 1765 3262 eum
1789 3186 1871 3291 filii
1887 3198 2037 3270 meritis

579 3324 698 3443 atque
712 3340 812 3411 iusta
826 3336 1017 3407 maiorum
1029 3334 1147 3407 etiam
1162 3331 1389 3405 meritorum
1402 3352 1473 3429 spe
1487 3332 1543 3404 sic
1559 3327 1851 3430 coniungendo,
1868 3346 2037 3414 monere

576 3481 676 3565 nihil
694 3502 793 3585 opua
815 3493 884 3554 eat.

629 3740 633 3747 Ι
696 3772 778 3847 Iam
793 3792 886 3842 vero
900 3748 995 3839 aliur
1013 3748 1145 3837 cursua
1160 3750 1447 3863 ingrediendus,
1471 3762 1544 3836 alia
1560 3759 1712 3839 vivendi
1728 3768 1827 3838 ratio
1841 3766 2056 3846 Henalero·

578 3910 750 3998 ineunda
762 3907 847 3986 fuit.
905 3891 958 3984 Ut
975 3876 1102 3981 adhuc
1119 3924 1288 3982 versatus
1305 3910 1346 3981 in
1362 3905 1452 3983 luce
1472 3927 1552 3982 erat
1569 3892 1686 4011 etque
1702 3912 1742 3983 in
1756 3913 2034 4016 ritaeoccupa.

514 4142 515 4147 ,
578 4066 748 4142 tissimus
762 4054 963 4146 varietate,
989 4057 1043 4129 ita
1062 4077 1166 4128 nunc
1181 4054 1291 4154 quati
1305 4054 1347 4124 in
1364 4050 1713 4131 umbram'aecesait
1728 4051 1917 4132 literariae
1931 4078 2032 4133 tren-

581 4190 790 4313 quillitatia.
848 4200 994 4276 Verum
1016 4199 1059 4271 in
1079 4216 1248 4299 utroque
1271 4218 1413 4299 genere
1438 4197 1552 4273 talem
1575 4222 1617 4272 se
1641 4205 1777 4300 garait,
1807 4221 1853 4275 ut
1876 4198 2032 4283 difficile
2058 4222 2061 4231 ’

454 4440 459 4449 ,
516 4379 523 4391 ’
579 4356 629 4432 tit
643 4347 831 4439 iudicare,
863 4340 1029 4421 fueritne
1044 4323 1118 4418 arti
1136 4341 1339 4421 docendae
1354 4345 1474 4447 magis
1493 4369 1544 4419 an
1564 4341 1798 4423 factitandae
1814 4350 1881 4424 riri
1893 4367 2029 4422 natum
