4425 5625
1270 617 1337 719 28

533 847 547 862 ⁵
574 865 763 970 plurimae
785 880 905 967 atque
922 861 1144 967 praeclarae
1160 862 1201 936 in
1219 858 1412 937 Henslero
1431 821 1605 935 virtutes
1617 833 1839 957 eleanan
1872 884 2034 965 quarum
2105 855 2109 864 ’

573 1014 778 1088 iustissima
792 1007 995 1086 admiratio
1015 1010 1054 1081 et
1070 1004 1192 1109 gloria
1202 998 1364 1110 minime
1380 1002 1542 1107 vulgarit
1557 1002 1770 1084 incendere
1777 1007 2032 1082 imitationem

575 1155 956 1253 aemulationemque
978 1149 1107 1230 debet.
1166 1153 1320 1227 Etenim
1335 1122 1458 1242 haec,
1490 1147 1670 1227 omuibus
1690 1148 2031 1243 consentientibua
2103 1163 2109 1168 ’

573 1304 693 1375 tirius
706 1296 798 1389 fuit,
831 1295 941 1398 quod
962 1321 985 1370 a
1007 1289 1144 1371 natura
1165 1293 1351 1388 habebat,
1382 1298 1688 1399 promtissimam
1708 1322 1755 1373 ac
1773 1288 2033 1386 felicissimum

556 1445 790 1544 ingenium,
809 1439 850 1513 id
867 1465 1022 1515 summo
1038 1461 1129 1517 cum
1146 1438 1278 1516 studio
1290 1440 1666 1542 variaetmultiplici
1679 1441 1877 1520 excadtum
1892 1440 2034 1516 doctri·
2118 1495 2121 1500 ·
2165 1433 2168 1444 '

571 1582 637 1698 ua,
663 1582 713 1661 ad
728 1587 916 1660 maiorem
930 1590 1204 1686 praestantiam
1219 1573 1267 1661 ac
1284 1582 1566 1688 perfectionem
1581 1585 1789 1685 expoliisse
1804 1606 1844 1661 et
1861 1605 2030 1674 ornasse,

570 1727 758 1832 illamque
774 1732 1027 1830 praecipuam
1043 1725 1200 1804 laudem
1217 1728 1455 1832 pulcriorem
1473 1734 1590 1806 etiam
1608 1734 1810 1833 magisque
1831 1725 2034 1805 amabilem

520 1929 525 1938 ·
573 1845 804 1952 et'bonlture
820 1891 860 1950 et
876 1870 1082 1950 nobilitate
1101 1857 1220 1949 animi
1239 1873 1476 1966 reddidisse3
1507 1878 1623 1950 virtus
1639 1901 1780 1978 porro,
1812 1872 2036 1984 fructuosae

571 2024 673 2096 vitae
686 2018 977 2094 diuturnitatem
988 2018 1226 2121 impendisse
1237 2017 1482 2120 indagandae
1491 1995 1659 2114 veritati,
1677 2017 1888 2096 officiis‘tat
1900 1987 2032 2092 multis

571 2160 829 2266 gravibusque
840 2158 1115 2259 exsequendis,
1136 2157 1336 2234 laboribus
1349 2155 1502 2233 fortiter
1514 2159 1745 2251 tolerandis;
1777 2159 2059 2236 constitutum.

571 2306 717 2383 deinde
735 2308 777 2378 in
797 2328 847 2379 eo
864 2307 966 2379 vitae
986 2326 1129 2420 genere
1150 2320 1193 2379 et
1215 2283 1406 2397 statione,
1447 2328 1550 2405 quae
1566 2303 1759 2381 illecebris
1778 2307 1841 2381 vir
1862 2291 1969 2382 caret
1984 2299 2035 2376 ad

570 2448 775 2556 splendida
789 2452 881 2524 vitia
896 2435 1147 2539 ostentanda,
1162 2445 1308 2522 nullam
1321 2438 1511 2549 unquam,
1528 2475 1660 2553 neque
1670 2449 1829 2528 ¹laudem
1843 2463 2036 2532 sectatam

571 2620 678 2689 ease,
714 2596 791 2669 niti
812 2619 901 2669 oum
925 2592 1089 2668 utilitate
1113 2596 1386 2685 coniunctam,
1425 2615 1556 2693 neque
1578 2599 1755 2695 gratiam,
1796 2597 1869 2670 nisi
1892 2598 2035 2668 merito

571 2735 896 2841 comparandum
918 2734 1090 2836 denique
1104 2730 1295 2809 'valentem
1307 2733 1412 2837 apud
1425 2760 1611 2839 proceres
1628 2757 1668 2814 et
1679 2744 1884 2844 optimates
1901 2754 2036 2814 aucto.

569 2889 682 2961 ritate
700 2901 740 2959 et
755 2879 945 2995 consiliis,
973 2879 1219 2980 dignitatem,
1252 2881 1418 2982 primum
1433 2886 1695 2985 auam'ipsius,
1719 2881 2033 2988 deindepatriae,
2062 2867 2068 2874 ’
2180 2874 2181 2887 ’

572 3027 718 3105 ordinis
749 3029 862 3103 etiam
876 3080 887 3119 ,
927 3025 990 3100 cui
1011 3022 1099 3126 ipse
1122 3008 1352 3101 ornamento
1386 3043 1509 3118 esset,
1552 3051 1707 3131 semper
1733 3048 1772 3105 et
1793 3052 1968 3105 servasse
1995 3047 2036 3105 et

533 3160 821 3259 'sustinnisse3
864 3169 1108 3267 omninoque
1143 3144 1661 3270 dignitatishonestatisque
1688 3197 1772 3249 non
1800 3172 1924 3250 modo
1956 3193 2040 3249 stua
2122 3192 2127 3199 ·
2180 3220 2181 3227 ,

571 3292 681 3391 dium
704 3312 910 3389 retinuisse
927 3334 1000 3411 per
1026 3315 1165 3402 vitam,
1203 3305 1275 3385 red
1298 3305 1422 3384 mtalto
1443 3312 1564 3411 magn
1583 3313 1669 3412 ipsa
1691 3317 1771 3387 rim
1797 3320 2036 3415 expressisse

570 3461 772 3560 utriusque
789 3458 962 3560 speciem
977 3476 1025 3529 ao
1039 3449 1221 3528 formam.

601 3762 603 3767 ’
686 3747 817 3848 Atque
836 3743 912 3822 liae
930 3740 1087 3847 quidem
1101 3741 1293 3819 rarissima
1303 3736 1462 3817 laudum
1476 3766 1525 3819 ao
1536 3744 1727 3821 virtutum
1742 3732 1969 3826 excellentia
1989 3773 2030 3830 et

569 3892 852 3969 coniunctione
869 3890 959 3962 satia
988 3903 1046 3961 est
1066 3883 1248 3988 prolecto
1271 3880 1490 3962 consultum
1510 3850 1603 3990 piae
1623 3907 1832 3994 grataeque
1850 3897 2030 3975 recorda·

570 4038 668 4113 tioni
691 4036 733 4109 in
752 4035 981 4111 memoriam
1004 4033 1290 4133 sempiternam.
1360 4031 1513 4136 Nempe
1530 4030 1599 4111 hie
1614 4058 1745 4110 verant
1765 4034 1839 4111 tibi
1859 4046 2027 4119 nominis

559 4177 916 4270 immortalitatem,
944 4177 1158 4277 quaesitam
1176 4175 1338 4266 mentia,
1358 4181 1619 4281 compararit:
1637 4177 1874 4259 celebratum
1886 4188 2027 4288 marigni

571 4321 672 4399 larua
689 4347 835 4400 nornen
850 4319 1027 4414 Hensleri
1047 4317 1202 4405 florebit
1214 4324 1256 4394 in
1268 4318 1393 4398 literis
1413 4339 1534 4426 atque
1552 4327 1594 4405 ia
1612 4327 1701 4427 ipso
1726 4332 1895 4408 suornm
1912 4328 2027 4405 nobi-
